<record><leader>00000cas a2200000 a 4500</leader><controlfield tag="001">77119645</controlfield><controlfield tag="007">hd afb016baca</controlfield><controlfield tag="008">061220c19999999dcudr n a    f0    0eng c</controlfield><datafield ind1=" " ind2=" " tag="010"><subfield code="a">  2008205005</subfield></datafield><datafield ind1=" " ind2=" " tag="040"><subfield code="a">MHR</subfield><subfield code="b">eng</subfield><subfield code="c">MHR</subfield><subfield code="d">DLC</subfield><subfield code="d">OCLCQ</subfield><subfield code="d">OCLCF</subfield><subfield code="d">OCLCO</subfield><subfield code="d">OCL</subfield></datafield><datafield ind1=" " ind2=" " tag="042"><subfield code="a">pcc</subfield></datafield><datafield ind1=" " ind2=" " tag="043"><subfield code="a">p------</subfield></datafield><datafield ind1="0" ind2="0" tag="050"><subfield code="a">Microfilm (o) 2008/9</subfield></datafield><datafield ind1="0" ind2=" " tag="130"><subfield code="a">Stars and stripes (Pacific ed. : 1999)</subfield></datafield><datafield ind1="1" ind2="0" tag="245"><subfield code="a">Stars and stripes</subfield><subfield code="h">[microform].</subfield></datafield><datafield ind1=" " ind2=" " tag="250"><subfield code="a">[Pacific ed.].</subfield></datafield><datafield ind1=" " ind2=" " tag="260"><subfield code="a">Washington, D.C. :</subfield><subfield code="b">Stars and Stripes,</subfield><subfield code="c">1999-</subfield></datafield><datafield ind1=" " ind2=" " tag="300"><subfield code="a">v. :</subfield><subfield code="b">ill.</subfield></datafield><datafield ind1=" " ind2=" " tag="310"><subfield code="a">Daily</subfield></datafield><datafield ind1="0" ind2=" " tag="362"><subfield code="a">Vol. 58, no. 235 (Dec. 8, 1999)-</subfield></datafield><datafield ind1=" " ind2=" " tag="500"><subfield code="a">On Wednesday, Dec. 8, 1999 the Stars and stripes consolidated the European and Pacific newspapers into one international paper with distinctive regional contents and a common design which is published in Washington, D.C. News bureaus were opened in Osan, Korea, Yokota and Sasebo in Japan. Stories and photos from these bureaus were integrated with national and international news and the newspaper and transmitted back to Tokyo, Korea and Okinawa for printing and distribution.</subfield></datafield><datafield ind1=" " ind2=" " tag="515"><subfield code="a">Some issues are published for a two day period.</subfield></datafield><datafield ind1=" " ind2=" " tag="520"><subfield code="a">While this newspaper written for distribution to American soldiers contains a section of news about the United States armed forces in the Pacific Area, more material is reported on global United States military actions. General world and United States national news is also reported. Topics of various sections of interest to the individual soldier include: politics, sports, movies, finances, health topics, automotive, technology, book reviews, movies, music, and comics.</subfield></datafield><datafield ind1=" " ind2=" " tag="550"><subfield code="a">Issued by the staff of Stars and stripes, Washington, D.C. to include news submitted by the Pacific bureaus.</subfield></datafield><datafield ind1=" " ind2=" " tag="533"><subfield code="a">Microfilm.</subfield><subfield code="b">Cedar Rapids, IA :</subfield><subfield code="c">Heritage Microfilm,</subfield><subfield code="d">[20--?].</subfield><subfield code="e">microfilm reels ; 35 mm.</subfield></datafield><datafield ind1=" " ind2="0" tag="651"><subfield code="a">United States</subfield><subfield code="x">Armed Forces</subfield><subfield code="v">Newspapers.</subfield></datafield><datafield ind1=" " ind2="0" tag="651"><subfield code="a">United States</subfield><subfield code="x">Armed Forces</subfield><subfield code="z">Pacific Area</subfield><subfield code="v">Newspapers.</subfield></datafield><datafield ind1=" " ind2="7" tag="650"><subfield code="a">Armed Forces.</subfield><subfield code="2">fast</subfield><subfield code="0">(OCoLC)fst00814586</subfield></datafield><datafield ind1=" " ind2="7" tag="651"><subfield code="a">Pacific Area</subfield><subfield code="2">fast</subfield><subfield code="0">(OCoLC)fst01243504</subfield></datafield><datafield ind1=" " ind2="7" tag="651"><subfield code="a">United States.</subfield><subfield code="2">fast</subfield><subfield code="0">(OCoLC)fst01204155</subfield></datafield><datafield ind1=" " ind2="7" tag="655"><subfield code="a">Newspapers.</subfield><subfield code="2">fast</subfield><subfield code="0">(OCoLC)fst01423814</subfield></datafield><datafield ind1="0" ind2="0" tag="780"><subfield code="t">Pacific stars and stripes (Tokyo, Japan : 1945)</subfield><subfield code="w">(DLC)  2008205004</subfield><subfield code="w">(OCoLC)191730494</subfield></datafield><datafield ind1=" " ind2=" " tag="850"><subfield code="a">DLC</subfield></datafield></record>